@Misc{ijuego2021ruleta,
  title = {¿Cuántos números tiene la ruleta del casino y de qué depende?},
  author = {ijuego.es},
  howpublished = {URL: \url{https://www.ijuego.es/blog/cuantos-numeros-tiene-la-ruleta-de-casino.html}},
  year = 2021,
  month = 12,
  day = 27
}
