@misc{eswiki2021estocastico,
  author = "Wikipedia",
  title = "Proceso estoc√°stico --- Wikipedia{,} La enciclopedia libre",
  year = "2021",
  url = "https://es.wikipedia.org/w/index.php?title=Proceso_estoc%C3%A1stico&oldid=140355105",
  note = "[Internet; descargado 01-junio-2022]",
}
@inbook{anylogic2020queues,
  author = {Arash Mahdavi},
  title = {M/M/1/$\infty$/$\infty$ (single-server queues)},
  booktitle = {The Art of Process-Centric Modeling with AnyLogic},
  year = {2020},
  publisher = {The AnyLogic Company},
  pages = {81-103},
  url = {https://www.anylogic.com/resources/books/the-art-of-process-centric-modeling-with-anylogic/},
}
@inbook{lawkelton1991queues,
  author = {Averill M. Law and W. David. Kelton},
  title = {Simulation of a single-server queueing system},
  booktitle = {Simulation Modeling Analysis},
  edition = {2nd edition},
  year = {1991},
  pages = {13-74},
}
@inbook{lawkelton1991inventory,
  author = {Averill M. Law and W. David. Kelton},
  title = {Simulation of an inventory system},
  booktitle = {Simulation Modeling Analysis},
  edition = {2nd edition},
  year = {1991},
  pages = {75-103},
}
