@book{knuth1997seminumerical,
  title={The Art of Computer Programming, volume 2: Seminumerical Algorithms (3rd Edition)},
  author={Knuth, Donald E},
  year={1997},
  publisher={Addison-Wesley Professional}
}
@online{virtualernie,
  title={E.R.N.I.E - the Electronic Random Number Indicator Equipment},
  author={Virtual ERNIE},
  url={https://www.virtualcolossus.co.uk/ERNIE/ernie.html},
  note = "[Internet; descargado 8-mayo-2022]"
}
@online{randomorgfaq,
  title={RANDOM.ORG - Frequently Asked Questions (FAQ)},
  author={RANDOM.ORG},
  url={https://www.random.org/faq/},
  note = "[Internet; descargado 8-mayo-2022]"
}
@online{enwiki2022pvalue,
  author = "Wikipedia",
  title = "P-value --- {Wikipedia}{,} The Free Encyclopedia",
  year = "2022",
  url = "https://en.wikipedia.org/w/index.php?title=P-value&oldid=1086336141",
  note = "[Internet; descargado 5-mayo-2022]"
}
@online{eswiki2022pearson,
  author = "Wikipedia",
  title = "Prueba $\chi^{2}$ de Pearson --- Wikipedia{,} La enciclopedia libre",
  year = "2022",
  url = "https://es.wikipedia.org/w/index.php?title=Prueba_%CF%87%C2%B2_de_Pearson&oldid=142386482",
  note = "[Internet; descargado 5-mayo-2022]"
}
@online{enwiki2022pearson,
  author = "Wikipedia",
  title = "Pearson's chi-squared test --- {Wikipedia}{,} The Free Encyclopedia",
  year = "2022",
  url = "https://en.wikipedia.org/w/index.php?title=Pearson%27s_chi-squared_test&oldid=1082334148",
  note = "[Internet; descargado 5-mayo-2022]"
}
