@article{nobody2022nothing,
  author={Nobody and Nescio, Nomen and Nobody II and Nolastname, Nofirstname},
  title={Nothing on Really Nothing},
  journal={The Nothing International Journal},
  year={2022}
}
